<record><leader>00000cas a22000007a 4500</leader><controlfield tag="001">34572590</controlfield><controlfield tag="008">960415d18uu18uuvauir ne      0    0eng d</controlfield><datafield ind1=" " ind2=" " tag="010"><subfield code="a">sn 96094017 </subfield></datafield><datafield ind1=" " ind2=" " tag="040"><subfield code="a">NVK</subfield><subfield code="b">eng</subfield><subfield code="c">NVK</subfield><subfield code="d">OCL</subfield><subfield code="d">OCLCQ</subfield><subfield code="d">OCLCF</subfield><subfield code="d">OCLCO</subfield></datafield><datafield ind1="1" ind2=" " tag="029"><subfield code="a">AU@</subfield><subfield code="b">000012446441</subfield></datafield><datafield ind1=" " ind2=" " tag="042"><subfield code="a">msc</subfield></datafield><datafield ind1=" " ind2=" " tag="043"><subfield code="a">n-us-va</subfield></datafield><datafield ind1="0" ind2=" " tag="130"><subfield code="a">Alexandria gazette (Alexandria, Va. : 1872)</subfield></datafield><datafield ind1="1" ind2="0" tag="245"><subfield code="a">Alexandria gazette.</subfield></datafield><datafield ind1="1" ind2="3" tag="246"><subfield code="a">Alexandria gazette &amp; Virginia advertiser</subfield></datafield><datafield ind1="1" ind2="7" tag="246"><subfield code="a">Alexandria gazette and Virginia advertiser</subfield></datafield><datafield ind1=" " ind2=" " tag="250"><subfield code="a">[For the country ed.].</subfield></datafield><datafield ind1=" " ind2=" " tag="260"><subfield code="a">Alexandria (Va.) :</subfield><subfield code="b">[Edgar Snowden]</subfield></datafield><datafield ind1=" " ind2=" " tag="300"><subfield code="a">v. ;</subfield><subfield code="c">62 cm.</subfield></datafield><datafield ind1=" " ind2=" " tag="310"><subfield code="a">Triweekly</subfield></datafield><datafield ind1=" " ind2=" " tag="588"><subfield code="a">Description based on: Vol. 73, no. 258 (Nov. 14, 1872).</subfield></datafield><datafield ind1=" " ind2="0" tag="651"><subfield code="a">Alexandria (Va.)</subfield><subfield code="v">Newspapers.</subfield></datafield><datafield ind1=" " ind2="7" tag="655"><subfield code="a">Newspapers.</subfield><subfield code="2">fast</subfield><subfield code="0">(OCoLC)fst01423814</subfield></datafield><datafield ind1=" " ind2="7" tag="651"><subfield code="a">Virginia</subfield><subfield code="z">Alexandria.</subfield><subfield code="2">fast</subfield><subfield code="0">(OCoLC)fst01206236</subfield></datafield><datafield ind1=" " ind2=" " tag="752"><subfield code="a">United States</subfield><subfield code="b">Virginia</subfield><subfield code="d">Alexandria.</subfield></datafield><datafield ind1="0" ind2=" " tag="775"><subfield code="t">Alexandria gazette (Alexandria, Va. : 1834)</subfield><subfield code="w">(DLC)sn 85025007</subfield></datafield><datafield ind1=" " ind2=" " tag="936"><subfield code="a">Vol. 90, no. 196 (Aug. 10, 1889)</subfield></datafield></record>